
@article{bianchi_global_2018,
	title = {Global niche of marine anaerobic metabolisms expanded by particle microenvironments},
	volume = {11},
	rights = {2018 The Author(s)},
	issn = {1752-0908},
	url = {http://www.nature.com/articles/s41561-018-0081-0},
	doi = {10.1038/s41561-018-0081-0},
	abstract = {Particle microenvironments can sustain anaerobic metabolisms such as denitrification in hypoxic ocean areas, according to biogeochemical modelling. Rates of water column denitrification may be up to double previous estimates.},
	pages = {263--268},
	number = {4},
	journaltitle = {Nature Geoscience},
	shortjournal = {Nature Geosci},
	author = {Bianchi, Daniele and Weber, Thomas S. and Kiko, Rainer and Deutsch, Curtis},
	urldate = {2020-04-09},
	date = {2018-04},
	langid = {english},
	file = {Full Text PDF:/home/millieginty/Zotero/storage/CDQU8JA9/Bianchi et al. - 2018 - Global niche of marine anaerobic metabolisms expan.pdf:application/pdf;Snapshot:/home/millieginty/Zotero/storage/3B5N9499/s41561-018-0081-0.html:text/html}
}